@article{barner2018,
  title =	 {Fundamental contradictions among observational and
                  experimental estimates of non-trophic species
                  interactions},
  author =	 {Barner, Allison K and Coblentz, Kyle E and Hacker,
                  Sally D and Menge, Bruce A},
  journal =	 {Ecology},
  volume =	 99,
  number =	 3,
  pages =	 {557--566},
  year =	 2018,
  publisher =	 {Wiley Online Library}
}

@article{calatayud2019,
  title =	 "Positive associations among rare species and their
                  persistence in ecological assemblages",
  author =	 "Calatayud, Joaqu{\'\i}n and Andivia, Enrique and
                  Escudero, Adri{\'a}n and Meli{\'a}n, Carlos J and
                  Bernardo-Madrid, Rub{\'e}n and Stoffel, Markus and
                  Aponte, Cristina and Medina, Nagore G and
                  Molina-Venegas, Rafael and Arnan, Xavier and
                  Rosvall, Martin and Neuman, Magnus and Noriega,
                  Jorge Ari and Alves-Martins, Fernanda and Draper,
                  Isabel and Luzuriaga, Arantzazu and
                  Ballesteros-C{\'a}novas, Juan Antonio and
                  Morales-Molino, C{\'e}sar and Ferrandis, Pablo and
                  Herrero, Asier and Pataro, Luciano and Juen, Leandro
                  and Cea, Alex and Madrigal-Gonz{\'a}lez, Jaime",
  journal =	 "Nat Ecol Evol",
  month =	 dec,
  year =	 2019,
  language =	 "en"
}

@article{carr2019,
  title =	 {Use and abuse of correlation analyses in microbial
                  ecology},
  author =	 {Carr, Alex and Diener, Christian and Baliga, Nitin S
                  and Gibbons, Sean M},
  journal =	 {The ISME journal},
  volume =	 13,
  number =	 11,
  pages =	 {2647--2655},
  year =	 2019,
  publisher =	 {Nature Publishing Group}
}

@article{connolly2017,
  title =	 {A unified model explains commonness and rarity on
                  coral reefs},
  author =	 {Connolly, Sean R and Hughes, Terry P and Bellwood,
                  David R},
  journal =	 {Ecology letters},
  volume =	 20,
  number =	 4,
  pages =	 {477--486},
  year =	 2017,
  publisher =	 {Wiley Online Library}
}

@Manual{devtools,
  title =	 {{\it devtools}: Tools to Make Developing {R
                  Packages} Easier},
  author =	 {Hadley Wickham and Jim Hester and Winston Chang},
  year =	 2018,
  note =	 {R package version 1.13.6},
  url =		 {https://CRAN.R-project.org/package=devtools},
}

@article{engen2008,
  title =	 {A general model for analyzing Taylor's spatial
                  scaling laws},
  author =	 {Engen, Steinar and Lande, Russell and S{\ae}ther,
                  Bernt-Erik},
  journal =	 {Ecology},
  volume =	 89,
  number =	 9,
  pages =	 {2612--2622},
  year =	 2008,
  publisher =	 {Wiley Online Library}
}

@article{etienne2007,
  title =	 {A neutral sampling formula for multiple samples and
                  an ‘exact’test of neutrality},
  author =	 {Etienne, Rampal S},
  journal =	 {Ecology letters},
  volume =	 10,
  number =	 7,
  pages =	 {608--618},
  year =	 2007,
  publisher =	 {Wiley Online Library}
}

@article{freilich2018,
  title =	 {Species co-occurrence networks: Can they reveal
                  trophic and non-trophic interactions in ecological
                  communities?},
  author =	 {Freilich, Mara A and Wieters, Evie and Broitman,
                  Bernardo R and Marquet, Pablo A and Navarrete,
                  Sergio A},
  journal =	 {Ecology},
  volume =	 99,
  number =	 3,
  pages =	 {690--699},
  year =	 2018,
  publisher =	 {Wiley Online Library}
}

@book{harte2011,
  title =	 {The Maximum Entropy Theory of Ecology},
  author =	 {Harte, J.},
  year =	 2011,
  publisher =	 {Oxford University Press}
}

@book{hubbell2001,
  title =	 {The unified neutral theory of biodiversity and
                  biogeography},
  author =	 {Hubbell, S. P.},
  year =	 2001,
  publisher =	 {Princeton University Press}
}

@article{hutchinson1961,
  title =	 {The paradox of the plankton},
  author =	 {Hutchinson, G Evelyn},
  journal =	 {The American Naturalist},
  volume =	 95,
  number =	 882,
  pages =	 {137--145},
  year =	 1961,
  publisher =	 {Science Press}
}

@Article{igraph,
  title =	 {The igraph software package for complex network
                  research},
  author =	 {Gabor Csardi and Tamas Nepusz},
  journal =	 {InterJournal, Complex Systems},
  volume =	 1695,
  number =	 5,
  pages =	 {1--9},
  year =	 2006,
  url =		 {http://igraph.org},
}

@article{kendall1949,
  title =	 {Stochastic processes and population growth},
  author =	 {Kendall, David G},
  journal =	 {Journal of the Royal Statistical Society. Series B
                  (Methodological)},
  volume =	 11,
  number =	 2,
  pages =	 {230--282},
  year =	 1949,
  publisher =	 {JSTOR}
}

@article{ladau2008,
  title =	 {Validation of null model tests using Neyman--Pearson
                  hypothesis testing theory},
  author =	 {Ladau, Joshua},
  journal =	 {Theoretical Ecology},
  volume =	 1,
  number =	 4,
  pages =	 {241--248},
  year =	 2008,
  publisher =	 {Springer}
}

@article{ladau2017,
  title =	 {The architecture and design of ecological null
                  models},
  author =	 {Ladau, Joshua},
  journal =	 {bioRxiv},
  pages =	 195131,
  year =	 2017,
  publisher =	 {Cold Spring Harbor Laboratory}
}

@article{leigh2004,
  title =	 {Why do some tropical forests have so many species of
                  trees?},
  author =	 {Leigh Jr, Egbert Giles and Davidar, Priya and Dick,
                  Christopher W and Terborgh, John and Puyravaud,
                  Jean-Philippe and ter Steege, Hans and Wright,
                  Stuart Joseph},
  journal =	 {Biotropica},
  volume =	 36,
  number =	 4,
  pages =	 {447--473},
  year =	 2004,
  publisher =	 {Wiley Online Library}
}

@Book{mass,
  title =	 {Modern Applied Statistics with {S}},
  author =	 {W. N. Venables and B. D. Ripley},
  publisher =	 {Springer},
  edition =	 {Fourth},
  address =	 {New York},
  year =	 2002,
  note =	 {ISBN 0-387-95457-0},
  url =		 {http://www.stats.ox.ac.uk/pub/MASS4},
}

@article{mcgill2003,
  title =	 {A unified theory for macroecology based on spatial
                  patterns of abundance},
  author =	 {McGill, Brian and Collins, Cathy},
  journal =	 {Evolutionary Ecology Research},
  volume =	 5,
  number =	 4,
  pages =	 {469--492},
  year =	 2003,
  publisher =	 {Evolutionary Ecology, Ltd.}
}

@article{mcgill2005,
  title =	 {Community inertia of Quaternary small mammal
                  assemblages in North America},
  author =	 {McGill, Brian J and Hadly, Elizabeth A and Maurer,
                  Brian A},
  journal =	 {Proceedings of the National Academy of Sciences},
  volume =	 102,
  number =	 46,
  pages =	 {16701--16706},
  year =	 2005,
  publisher =	 {National Acad Sciences}
}

@article{mcgill2007,
  title =	 {Species abundance distributions: moving beyond
                  single prediction theories to integration within an
                  ecological framework},
  author =	 {McGill, Brian J and Etienne, Rampal S and Gray, John
                  S and Alonso, David and Anderson, Marti J and
                  Benecha, Habtamu Kassa and Dornelas, Maria and
                  Enquist, Brian J and Green, Jessica L and He,
                  Fangliang and others},
  journal =	 {Ecology letters},
  volume =	 10,
  number =	 10,
  pages =	 {995--1015},
  year =	 2007,
  publisher =	 {Wiley Online Library}
}

@article{mcgill2010,
  title =	 {Towards a unification of unified theories of
                  biodiversity},
  author =	 {McGill, Brian J},
  journal =	 {Ecology letters},
  volume =	 13,
  number =	 5,
  pages =	 {627--642},
  year =	 2010,
  publisher =	 {Wiley Online Library}
}

@article{morlon2009,
  title =	 {Taking species abundance distributions beyond
                  individuals},
  author =	 {Morlon, H{\'e}l{\`e}ne and White, Ethan P and
                  Etienne, Rampal S and Green, Jessica L and Ostling,
                  Annette and Alonso, David and Enquist, Brian J and
                  He, Fangliang and Hurlbert, Allen and Magurran, Anne
                  E and others},
  journal =	 {Ecology Letters},
  volume =	 12,
  number =	 6,
  pages =	 {488--501},
  year =	 2009,
  publisher =	 {Wiley Online Library}
}

@article{nachman2000,
  title =	 {Effects of demographic parameters on metapopulation
                  size and persistence: an analytical stochastic
                  model},
  author =	 {Nachman, G{\"o}sta},
  journal =	 {Oikos},
  volume =	 91,
  number =	 1,
  pages =	 {51--65},
  year =	 2000,
  publisher =	 {Wiley Online Library}
}

@article{patefield1981,
  title =	 {Algorithm AS 159: an efficient method of generating
                  random R$\times$ C tables with given row and column
                  totals},
  author =	 {Patefield, W. M.},
  journal =	 {Journal of the Royal Statistical Society. Series C
                  (Applied Statistics)},
  volume =	 30,
  number =	 1,
  pages =	 {91--97},
  year =	 1981,
  publisher =	 {JSTOR}
}

@Manual{pika,
  title =	 {{\it pika}: Tools for macroecology},
  author =	 {Andrew J. Rominger},
  year =	 2016,
  note =	 {R package version 1.0},
  url =		 {https://github.com/ajrominger/pika},
}

@article{rajala2019,
  title =	 {When do we have the power to detect biological
                  interactions in spatial point patterns?},
  author =	 {Rajala, Tuomas and Olhede, Sofia Charlotta and
                  Murrell, David John},
  journal =	 {Journal of Ecology},
  volume =	 107,
  number =	 2,
  pages =	 {711--721},
  year =	 2019,
  publisher =	 {Wiley Online Library}
}

@Manual{rcore,
  title =	 {R: A Language and Environment for Statistical
                  Computing},
  author =	 {{R Core Team}},
  organization = {R Foundation for Statistical Computing},
  address =	 {Vienna, Austria},
  year =	 2018,
  url =		 {https://www.R-project.org/},
}

@article{romMeteR,
  author =	 {Rominger, Andrew J. and Merow, Cory},
  title =	 {{\it meteR}: An {R} package for testing the Maximum
                  Entropy Theory of Ecology},
  journal =	 {Methods in Ecology and Evolution},
  volume =	 8,
  number =	 2,
  pages =	 {241--247},
}

@Manual{roxygen2,
  title =	 {{\it roxygen2}: In-Line Documentation for {R}},
  author =	 {Hadley Wickham and Peter Danenberg and Manuel
                  Eugster},
  year =	 2018,
  note =	 {R package version 6.1.1},
  url =		 {https://CRAN.R-project.org/package=roxygen2},
}

@article{sander2017,
  title =	 {Ecological network inference from long-term
                  presence-absence data},
  author =	 {Sander, Elizabeth L and Wootton, J Timothy and
                  Allesina, Stefano},
  journal =	 {Scientific reports},
  volume =	 7,
  number =	 1,
  pages =	 7154,
  year =	 2017,
  publisher =	 {Nature Publishing Group}
}

@article{schoener1968,
  title =	 {The Anolis lizards of Bimini: resource partitioning
                  in a complex fauna},
  author =	 {Schoener, Thomas W},
  journal =	 {Ecology},
  volume =	 49,
  number =	 4,
  pages =	 {704--726},
  year =	 1968,
  publisher =	 {Wiley Online Library}
}

@Manual{socorro,
  title =	 {{\it socorro}: Helper functions for {R}},
  author =	 {Andrew J. Rominger},
  year =	 2016,
  note =	 {R package version 1.0},
  url =		 {https://github.com/ajrominger/socorro},
}

@Manual{spaa,
  title =	 {{\it spaa}: Species Association Analysis},
  author =	 {Jinlong Zhang},
  year =	 2016,
  note =	 {R package version 0.2.2},
  url =		 {https://CRAN.R-project.org/package=spaa},
}

@Article{testthat,
  author =	 {Hadley Wickham},
  title =	 {{\it testthat}: Get Started with Testing},
  journal =	 {The R Journal},
  year =	 2011,
  volume =	 3,
  pages =	 {5--10},
  url =
                  {https://journal.r-project.org/archive/2011-1/RJournal_2011-1_Wickham.pdf},
}

@article{ulrich2010,
  title =	 {Null model analysis of species associations using
                  abundance data},
  author =	 {Ulrich, Werner and Gotelli, Nicholas J},
  journal =	 {Ecology},
  volume =	 91,
  number =	 11,
  pages =	 {3384--3397},
  year =	 2010,
  publisher =	 {Wiley Online Library}
}

@Manual{vegan,
  title =	 {{\it vegan}: Community Ecology Package},
  author =	 {Jari Oksanen and F. Guillaume Blanchet and Michael
                  Friendly and Roeland Kindt and Pierre Legendre and
                  Dan McGlinn and Peter R. Minchin and R. B. O'Hara
                  and Gavin L. Simpson and Peter Solymos and M. Henry
                  H. Stevens and Eduard Szoecs and Helene Wagner},
  year =	 2019,
  note =	 {R package version 2.5-6},
  url =		 {https://CRAN.R-project.org/package=vegan},
}

@Manual{viridis,
  title =	 {{\it viridis}: Default Color Maps from `matplotlib'},
  author =	 {Simon Garnier},
  year =	 2018,
  note =	 {R package version 0.5.1},
  url =		 {https://CRAN.R-project.org/package=viridis},
}

@article{yenni2012,
  title =	 {Strong self-limitation promotes the persistence of
                  rare species},
  author =	 {Yenni, Glenda and Adler, Peter B and Ernest, SK
                  Morgan},
  journal =	 {Ecology},
  volume =	 93,
  number =	 3,
  pages =	 {456--461},
  year =	 2012,
  publisher =	 {Wiley Online Library}
}

@article{zillio2010,
  title =	 {Modeling spatial aggregation of finite populations},
  author =	 {Zillio, Tommaso and He, Fangliang},
  journal =	 {Ecology},
  volume =	 91,
  number =	 12,
  pages =	 {3698--3706},
  year =	 2010,
  publisher =	 {Wiley Online Library}
}


@BOOK{burnham2003,
  title     = "Model Selection and Multimodel Inference: A Practical
               {Information-Theoretic} Approach",
  author    = "Burnham, Kenneth P and Anderson, David R",
  publisher = "Springer Science \& Business Media",
  year      =  2003
}

@article{blanchet2020,
  title={Co-occurrence is not evidence of ecological interactions},
  author={Blanchet, F Guillaume and Cazelles, Kevin and Gravel, Dominique},
  journal={Ecology Letters},
  volume={23},
  number={7},
  pages={1050--1063},
  year={2020},
  publisher={Wiley Online Library}
}

@article{picante,
  title={Picante: R tools for integrating phylogenies and ecology},
  author={Kembel, Steven W and Cowan, Peter D and Helmus, Matthew R and Cornwell, William K and Morlon, Helene and Ackerly, David D and Blomberg, Simon P and Webb, Campbell O},
  journal={Bioinformatics},
  volume={26},
  number={11},
  pages={1463--1464},
  year={2010},
  publisher={Oxford University Press}
}
